@online{PLAIN,
author = {NAME},
title  = {TITEL},
date   = {2000},
url    = {URL},
note = {Einsichtnahme: 00.00.2000}
}